%% This BibTeX bibliography file was created using BibDesk.
%% http://bibdesk.sourceforge.net/


%% Created for Lauro Cesar Araujo at 2013-01-14 23:15:37 -0200 
%% modified by machnievscz at 2013-01-22: changed Equipe abnTeX2 by abnTeX2

%% Saved with string encoding Unicode (UTF-8) 



@manual{abntex2modelo-artigo,
	Annote = {Este documento {\'e} derivado do \cite{abnt-bibtex-doc}},
	Author = {abnTeX2},
	Date-Added = {2013-01-15 00:10:35 +0000},
	Date-Modified = {2013-01-15 00:10:35 +0000},
	Organization = {Equipe abnTeX2},
	Title = {Modelo Can{\^o}nico de Artigo Cient{\'\i}fico com abnTeX2},
	Url = {http://code.google.com/p/abntex2/},
	Year = {2013},
	Bdsk-Url-1 = {http://code.google.com/p/abntex2/}}

@manual{abntex2modelo-relatorio,
	Annote = {Este documento {\'e} derivado do \cite{abnt-bibtex-doc}},
	Author = {abnTeX2},
	Date-Added = {2013-01-15 00:05:34 +0000},
	Date-Modified = {2013-01-15 00:06:12 +0000},
	Organization = {Equipe abnTeX2},
	Title = {Modelo Can{\^o}nico de Relat{\'o}rio T{\'e}cnico e/ou Cient{\'\i}fico com abnTeX2},
	Url = {http://code.google.com/p/abntex2/},
	Year = {2013},
	Bdsk-Url-1 = {http://code.google.com/p/abntex2/}}

@manual{abntex2modelo,
	Annote = {Este documento {\'e} derivado do \cite{abnt-bibtex-doc}},
	Author = {abnTeX2},
	Date-Added = {2013-01-12 22:55:32 +0000},
	Date-Modified = {2013-01-15 01:15:37 +0000},
	Organization = {Equipe abnTeX2},
	Title = {Modelo Can{\^o}nico de Trabalho Acad{\^e}mico com abnTeX2},
	Url = {http://code.google.com/p/abntex2/},
	Year = {2013},
	Bdsk-Url-1 = {http://code.google.com/p/abntex2/}}

@mastersthesis{araujo2012,
	Address = {Bras{\'\i}lia},
	Author = {Lauro C{\'e}sar Araujo},
	Date-Added = {2013-01-09 11:04:42 +0000},
	Date-Modified = {2013-01-09 11:04:42 +0000},
	Month = {Mar{\c c}o},
	School = {Universidade de Bras{\'\i}lia},
	Title = {Configura{\c c}{\~a}o: uma perspectiva de Arquitetura da Informa{\c c}{\~a}o da Escola de Bras{\'\i}lia},
	Year = {2012}}

@manual{memoir,
	Address = {Normandy Park, WA},
	Author = {Peter Wilson and Lars Madsen},
	Date-Added = {2013-01-09 10:37:50 +0000},
	Date-Modified = {2013-01-09 10:37:50 +0000},
	Organization = {The Herries Press},
	Title = {The Memoir Class for Configurable Typesetting - User Guide},
	Url = {http://ctan.tche.br/macros/latex/contrib/memoir/memman.pdf},
	Urlaccessdate = {19.12.2012},
	Year = {2010},
	Bdsk-Url-1 = {http://ctan.tche.br/macros/latex/contrib/memoir/memman.pdf}}

@manual{abntex2cite-alf,
	Annote = {Este documento {\'e} derivado do \cite{abnt-bibtex-alf-doc}},
	Author = {abnTeX2},
	Date-Added = {2013-01-09 10:37:45 +0000},
	Date-Modified = {2013-01-15 00:05:21 +0000},
	Organization = {Equipe abnTeX2},
	Title = {Manual de uso do pacote abntex2cite: t{\'o}picos espec{\'\i}ficos da ABNT NBR 10520:2002 e o estilo bibliogr{\'a}fico alfab{\'e}tico (sistema autor-data},
	Url = {http://code.google.com/p/abntex2/},
	Year = {2013},
	Bdsk-Url-1 = {http://code.google.com/p/abntex2/}}

@manual{abntex2cite,
	Annote = {Este documento {\'e} derivado do \cite{abnt-bibtex-doc}},
	Author = {abnTeX2},
	Date-Added = {2013-01-09 10:37:45 +0000},
	Date-Modified = {2013-01-15 00:05:27 +0000},
	Organization = {Equipe abnTeX2},
	Title = {Manual de uso dos estilos bibliogr{\'a}ficos do pacote abntex2: estilos bibtex compat{\'\i}veis com a ABNT NBR 6023:2000},
	Url = {http://code.google.com/p/abntex2/},
	Year = {2013},
	Bdsk-Url-1 = {http://code.google.com/p/abntex2/}}

@manual{abntex2classe,
	Author = {abnTeX2},
	Date-Added = {2013-01-09 10:37:38 +0000},
	Date-Modified = {2013-01-15 00:05:17 +0000},
	Organization = {Equipe abnTeX2},
	Title = {A classe abntex2: Modelo can{\^o}nico de trabalhos acad{\^e}micos brasileiros compat{\'\i}vel com as normas ABNT NBR 14724:2011, ABNT NBR 6024:2012 e outras},
	Url = {http://code.google.com/p/abntex2/},
	Year = {2013},
	Bdsk-Url-1 = {http://code.google.com/p/abntex2/}}

@manual{NBR10520:2002,
	Address = {Rio de Janeiro},
	Date-Added = {2012-12-15 21:43:38 +0000},
	Date-Modified = {2013-01-12 22:17:20 +0000},
	Month = aug,
	Org-Short = {ABNT},
	Organization = {Associa{\c c}\~ao Brasileira de Normas T\'ecnicas},
	Pages = 7,
	Subtitle = {Informa{\c c}\~ao e documenta{\c c}\~ao --- Apresenta{\c c}\~ao de cita{\c c}\~oes em documentos},
	Title = {{NBR} 10520},
	Year = 2002}

@manual{NBR6024:2012,
	Address = {Rio de Janeiro},
	Date-Added = {2012-12-15 21:24:06 +0000},
	Date-Modified = {2012-12-15 21:24:28 +0000},
	Month = feb,
	Org-Short = {ABNT},
	Organization = {Associa{\c c}\~ao Brasileira de Normas T\'ecnicas},
	Pages = 4,
	Subtitle = {Numera{\c c}\~ao progressiva das se{\c c}\~oes de um documento},
	Title = {{NBR} 6024},
	Year = 2012}

@manual{NBR6028:2003,
	Address = {Rio de Janeiro},
	Date-Added = {2012-12-15 21:02:12 +0000},
	Date-Modified = {2012-12-15 21:02:50 +0000},
	Month = nov,
	Org-Short = {ABNT},
	Organization = {Associa{\c c}\~ao Brasileira de Normas T\'ecnicas},
	Pages = 2,
	Subtitle = {Resumo - Apresenta{\c c}{\~a}o},
	Title = {{NBR} 6028},
	Year = 2003}

@manual{NBR14724:2002,
	Address = {Rio de Janeiro},
	Date-Added = {2012-12-15 20:34:17 +0000},
	Date-Modified = {2012-12-15 20:34:17 +0000},
	Month = aug,
	Note = {Substitui a Ref.~\citeonline{NBR14724:2001}},
	Org-Short = {ABNT},
	Organization = {Associa{\c c}\~ao Brasileira de Normas T\'ecnicas},
	Pages = 6,
	Subtitle = {Informa{\c c}\~ao e documenta{\c c}\~ao --- trabalhos acad\^emicos --- apresenta{\c c}\~ao},
	Title = {{NBR} 14724},
	Year = 2002}

@manual{NBR14724:2001,
	Address = {Rio de Janeiro},
	Date-Added = {2012-12-15 20:34:08 +0000},
	Date-Modified = {2012-12-15 20:34:08 +0000},
	Month = jul,
	Org-Short = {ABNT},
	Organization = {Associa{\c c}\~ao Brasileira de Normas T\'ecnicas},
	Pages = 6,
	Subtitle = {Informa{\c c}\~ao e documenta{\c c}\~ao --- trabalhos acad\^emicos --- apresenta{\c c}\~ao},
	Title = {{NBR} 14724},
	Year = 2001}

@manual{NBR14724:2011,
	Address = {Rio de Janeiro},
	Date-Added = {2012-12-15 20:34:08 +0000},
	Date-Modified = {2012-12-15 20:35:25 +0000},
	Month = mar,
	Note = {Substitui a Ref.~\citeonline{NBR14724:2005}},
	Org-Short = {ABNT},
	Organization = {Associa{\c c}\~ao Brasileira de Normas T\'ecnicas},
	Pages = 15,
	Subtitle = {Informa{\c c}\~ao e documenta{\c c}\~ao --- trabalhos acad\^emicos --- apresenta{\c c}\~ao},
	Title = {{NBR} 14724},
	Year = 2011}

@article{van86,
	Author = {{van}, Gigch, John P. and Leo L. Pipino},
	Journal = {Future Computing Systems},
	Number = {1},
	Pages = {71-97},
	Title = {In search for a paradigm for the discipline of information systems},
	Volume = {1},
	Year = {1986}}

@phdthesis{guizzardi2005,
	Address = {Enschede, The Netherlands},
	Author = {Giancarlo Guizzardi},
	Date-Added = {2012-04-23 11:35:28 +0000},
	Date-Modified = {2012-04-23 11:35:28 +0000},
	School = {Centre for Telematics and Information Technology, University of Twente},
	Title = {Ontological Foundations for Structural Conceptual Models},
	Url = {http://www.loa.istc.cnr.it/Guizzardi/SELMAS-CR.pdf},
	Urlaccessdate = {3.7.2011},
	Year = {2005},
	Bdsk-Url-1 = {http://www.loa.istc.cnr.it/Guizzardi/SELMAS-CR.pdf}}

@mastersthesis{macedo2005,
	Author = {Fl{\'a}via L. Macedo},
	Date-Added = {2012-04-23 11:35:13 +0000},
	Date-Modified = {2012-04-23 11:35:13 +0000},
	Keywords = {arquitetura da informa{\c c}{\~a}o},
	School = {Universidade de Bras{\'\i}lia},
	Title = {Arquitetura da Informa{\c c}{\~a}o: aspectos espistemol{\'o}gicos, cient{\'\i}ficos e pr{\'a}ticos.},
	Type = {Disserta{\c c}{\~a}o de Mestrado},
	Year = {2005}}

@manual{EIA649B,
	Address = {EUA},
	Date-Added = {2012-04-23 11:34:59 +0000},
	Date-Modified = {2012-04-23 11:34:59 +0000},
	Keywords = {norma},
	Month = {June},
	Organization = {TechAmerica},
	Title = {ANSI/EIA 649-B: Configuration Management Standard},
	Year = {2011}}

@inproceedings{masolo2010,
	Author = {Claudio Masolo},
	Booktitle = {Proceedings of the Twelfth International Conference on the Principles of Knowledge Representation and Reasoning (KR 2010)},
	Date-Added = {2012-04-23 11:34:38 +0000},
	Date-Modified = {2012-04-23 11:34:38 +0000},
	Editor = {Lin, F. and Sattler, U.},
	Pages = {258-268},
	Publisher = {AAAI Press},
	Title = {Understanding Ontological Levels},
	Url = {http://wiki.loa-cnr.it/Papers/kr10v0.7.pdf},
	Urlaccessdate = {2.1.2012},
	Year = {2010},
	Bdsk-Url-1 = {http://wiki.loa-cnr.it/Papers/kr10v0.7.pdf}}

@inbook{guarino1995,
	Address = {Vienna},
	Author = {Nicola Guarino},
	Booktitle = {Philosophy and the Cognitive Science},
	Date-Added = {2012-04-23 11:34:29 +0000},
	Date-Modified = {2012-04-23 11:34:29 +0000},
	Editor = {R. Casati and B. Smith and G. White},
	Month = {September},
	Pages = {443-456},
	Publisher = {Holder-Pivhler-Tempsky},
	Title = {The Ontological Level},
	Url = {http://wiki.loa-cnr.it/Papers/OntLev.pdf},
	Urlaccessdate = {2.1.2012},
	Year = {1995},
	Bdsk-Url-1 = {http://wiki.loa-cnr.it/Papers/OntLev.pdf}}

@incollection{bates2010,
	Address = {New York},
	Author = {Marcia J. Bates},
	Booktitle = {Encyclopedia of Library and Information Sciences},
	Date-Added = {2012-04-23 11:34:29 +0000},
	Date-Modified = {2012-04-23 11:34:29 +0000},
	Edition = {3rd},
	Editor = {Marcia J. Bates and Mary Niles Maack},
	Pages = {2347-2360},
	Publisher = {CRC Press},
	Title = {Information},
	Url = {http://pages.gseis.ucla.edu/faculty/bates/articles/information.html},
	Urlaccessdate = {24.10.2011},
	Volume = {3},
	Year = {2010},
	Bdsk-Url-1 = {http://pages.gseis.ucla.edu/faculty/bates/articles/information.html}}

@book{doxiadis1965,
	Author = {Constantinos A. Doxiadis},
	Date-Added = {2012-04-23 11:34:20 +0000},
	Date-Modified = {2012-04-23 11:34:20 +0000},
	Publisher = {Ceira - Coimbra},
	Title = {Arquitetura em Transi{\c c}{\~a}o},
	Year = {1965}}

@book{dewey1980,
	Address = {New York, NY, USA},
	Author = {John Dewey},
	Date-Added = {2012-04-23 11:34:16 +0000},
	Date-Modified = {2012-04-23 11:34:16 +0000},
	Publisher = {Perigee Books},
	Title = {Art as Experience},
	Year = {1980}}
	
@Article{Lee2009,
  author    = {Byeong-ha Lee and R. Johnston and Y. Yang and A. Gallavotti and M. Kojima and B. A. N. Traven{\c{c}}olo and L. {\relax da F.} Costa and H. Sakakibara and D. Jackson},
  title     = {Studies of {aberrant phyllotaxy1} Mutants of Maize Indicate Complex Interactions between Auxin and Cytokinin Signaling in the Shoot Apical Meristem},
  journal   = {Plant Physiology},
  year      = {2009},
  volume    = {150},
  number    = {1},
  pages     = {205--216},
  month     = mar,
  issn      = {0032-0889},
  doi       = {10.1104/pp.109.137034},
  publisher = {American Society of Plant Biologists ({ASPB})},
}
@book{fundamentoserros,  
  title={Fundamentos da Teoria de Erros},
  author={José Henrique Vuolo.},
  year={1996},
  volume={1},
  address={Campinas},
  edition = {2}
    }

    
@book{hallidayeletromag,
  title={Fundamentos de f{\'\i}sica: volume 3 : eletromagnetismo},
  author={Halliday, D. and Resnick, R. and Walker, J.},
  isbn={9788521616078},
  url={https://books.google.com.br/books?id=wpxjPgAACAAJ},
  year={2008},
  publisher={LTC}
}


@book{apostila1,
  title={Guia e roteiros para laboratório de Física Experimental I},
  author={Antonino Di Lorenzo AND Cristiano Alves Guarany AND Maurício Foschini AND Wellington Akira Iwamoto.},
  year={2014},
  volume={1},
  address={Uberlândia}
    }
    

@book{erros,
  title={Fundamentos da Teoria de Erros},
  author={José Henrique Vuolo.},
  year={1996},
  volume={1},
  address={Campinas},
  edition = {2},
    }

@book{apostila2,
  title={Guia e roteiros para laboratório de Física Experimental II},
  author={Augusto Miguel Alcade Milla AND Jader Souza Cabral AND Liliana Sanz De La Torre.},
  year={2016},
  volume={2},
  address={Uberlândia}
    }
    

@misc{origin,
 title   ={Origin Pro 8},
 howpublished = "\url{https://www.originlab.com}",
 urlaccessdate={06 dez. 2019}
}

@misc{scidavis,
  author = {Russell Standish},
  title = {SciDAVis Scientific Data Analysis and Visualization},
  url = {http://scidavis.sourceforge.net/},
  howpublished = "\url{http://scidavis.sourceforge.net/}",
  version = {2.4.0},
  date = {2017-04-06},
}

@misc{experimentocabelo,
    author = {Ponto Ciencia},
    title = {Experimento: Qual a espessura de um fio de cabelo?},
    url = {https://edisciplinas.usp.br/pluginfile.php/4323203/mod_resource/content/0/Qual\%20\%C3\%83\%C2\%A9\%20a\%20espessura\%20de\%20um\%20fio\%20de\%20cabelo.pdf},
    howpublished = "\url{https://edisciplinas.usp.br/pluginfile.php/4323203/mod_resource/content/0/Qual\%20\%C3\%83\%C2\%A9\%20a\%20espessura\%20de\%20um\%20fio\%20de\%20cabelo.pdf}",
    date = {2021-10-31},
}

@misc{video,
 title   ={Aula de 05/08},
 author={Djalmir Messias},
 year={2021},
 howpublished = "\url{https://teams.microsoft.com/l/channel/19%3ALYf_ifAvgVq0WGv3Zk4VAqUDMYY_dz1-50RTxmoDOyQ1%40thread.tacv2/tab%3A%3A6bf16383-d57d-4333-a339-7327f24123d9?groupId=845ad4a6-a0f9-4f20-85d3-035b957bc29a&tenantId=cd5e6d23-cb99-4189-88ab-1a9021a0c451}",
}


@article{RevModPhys.80.633,
  title = {CODATA recommended values of the fundamental physical constants: 2006},
  author = {Mohr, Peter J. and Taylor, Barry N. and Newell, David B.},
  journal = {Rev. Mod. Phys.},
  volume = {80},
  issue = {2},
  pages = {633--730},
  numpages = {0},
  year = {2008},
  month = {Jun},
  publisher = {American Physical Society},
  doi = {10.1103/RevModPhys.80.633},
  url = {https://link.aps.org/doi/10.1103/RevModPhys.80.633}
}

@book{nussenzveig2015curso,
  title={Curso de f{\'\i}sica b{\'a}sica: Eletromagnetismo (vol. 3)},
  author={Nussenzveig, H.M.},
  number={v. 3},
  isbn={9788521208020},
  url={https://books.google.com.br/books?id=5tOsDwAAQBAJ},
  year={2015},
  publisher={Blucher}
}

@book{hallidayoptica,
  title={Fundamentos de f{\'\i}sica: volume 4 : {\'o}ptica e f{\'\i}sica moderna},
  author={Halliday, D. and Walker, J. and Resnick, R.},
  isbn={9788521616085},
  url={https://books.google.com.br/books?id=6cd6PgAACAAJ},
  year={2008},
  publisher={LTC}
}

@software{app,
  author = {Vieyra Software},
  title = {Physics Toolbox Sensor Suite},
  url = {https://www.vieyrasoftware.net/},
  version = {2021.08.08},
  date = {2021-08-06},
}

@article{truesdell1953notes,
  title={Notes on the history of the general equations of hydrodynamics},
  author={Truesdell, Clifford},
  journal={The American Mathematical Monthly},
  volume={60},
  number={7},
  pages={445--458},
  year={1953},
  publisher={Taylor \& Francis}
}

@article{stokes2007theories,
  title={On the theories of the internal friction of fluids in motion, and of the equilibrium and motion of elastic solids},
  author={Stokes, George Gabriel},
  year={2007}
}

@book{landau2013fluid,
  title={Fluid Mechanics: Volume 6},
  author={Landau, L.D. and Lifshitz, E.M.},
  number={v. 6},
  isbn={9781483140506},
  url={https://books.google.com.br/books?id=CeBbAwAAQBAJ},
  year={2013},
  publisher={Elsevier Science}
}

@book{pitaevskii2012physical,
  title={Physical Kinetics: Volume 10},
  author={Pitaevskii, L.P. and Lifshitz, E.M.},
  number={v. 10},
  isbn={9780080570495},
  lccn={80042162},
  url={https://books.google.com.br/books?id=DTHxPDfV0fQC},
  year={2012},
  publisher={Elsevier Science}
}

@book{karniadakis2006microflows,
  title={Microflows and nanoflows: fundamentals and simulation},
  author={Karniadakis, George and Beskok, Ali and Aluru, Narayan},
  volume={29},
  year={2006},
  publisher={Springer Science \& Business Media}
}

@book{landau2013course,
  title={Course of Theoretical Physics, Statistical Physics - Part 1},
  author={Landau, L.D. and Lifshitz, E.M.},
  isbn={9781483103372},
  url={https://books.google.com.br/books?id=LuBbAwAAQBAJ},
  year={2013},
  publisher={Elsevier Science}
}

@article{catta2018implementaccao,
  title={Implementa{\c{c}}{\~a}o, compara{\c{c}}{\~a}o e avalia{\c{c}}{\~a}o de modelos submalhas n{\~a}o lineares},
  author={Catta Preta, Ricardo Tadeu Oliveira and others},
  year={2018},
  publisher={Universidade Federal de Uberl{\^a}ndia}
}

@book{sagaut2006large,
  title={Large eddy simulation for incompressible flows: an introduction},
  author={Sagaut, Pierre},
  year={2006},
  publisher={Springer Science \& Business Media}
}

@book{pope2000turbulent,
  title={Turbulent flows},
  author={Pope, Stephen B and Pope, Stephen B},
  year={2000},
  publisher={Cambridge university press}
}

@book{batchelor2000introduction,
  title={An introduction to fluid dynamics},
  author={Batchelor, Cx K and Batchelor, GK},
  year={2000},
  publisher={Cambridge university press}
}

@book{jeffreys1961cartesian,
  title={Cartesian tensors},
  author={Jeffreys, Harold},
  year={1961},
  publisher={University Press}
}

@book{white2006viscous,
  title={Viscous fluid flow},
  author={White, Frank M and Majdalani, Joseph},
  volume={3},
  year={2006},
  publisher={McGraw-Hill New York}
}

@book{lesieur2008turbulence,
  title={Turbulence in Fluids},
  author={Lesieur, M.},
  isbn={9781402064357},
  series={Fluid Mechanics and Its Applications},
  url={https://books.google.com.br/books?id=xKUDN22Y7OYC},
  year={2008},
  publisher={Springer Netherlands}
}

@book{landau1982mechanics,
  title={Mechanics: Volume 1},
  author={Landau, L.D. and Lifshitz, E.M.},
  number={v. 1},
  isbn={9780080503479},
  url={https://books.google.com.br/books?id=bE-9tUH2J2wC},
  year={1982},
  publisher={Elsevier Science}
}

@book{frisch1995turbulence,
  title={Turbulence: the legacy of AN Kolmogorov},
  author={Frisch, Uriel and Kolmogorov, Andre{\u\i}} Nikolaevich},
  year={1995},
  publisher={Cambridge university press}
}

@book{aris2012vectors,
  title={Vectors, tensors and the basic equations of fluid mechanics},
  author={Aris, Rutherford},
  year={2012},
  publisher={Courier Corporation}
}

@misc{arfken1999mathematical,
  title={Mathematical methods for physicists},
  author={Arfken, George B and Weber, Hans J},
  year={1999},
  publisher={American Association of Physics Teachers}
}
@misc{morse1953mathematical,
  title={Mathematical Methods of Physics},
  author={Morse, Philip M and Feshbach, H},
  year={1953},
  publisher={McGraw-Hill Book Company, New York}
}
@misc{griffiths2005introduction,
  title={Introduction to electrodynamics},
  author={Griffiths, David J},
  year={2005},
  publisher={American Association of Physics Teachers}
}
@misc{jackson1999classical,
  title={Classical electrodynamics},
  author={Jackson, John David},
  year={1999},
  publisher={American Association of Physics Teachers}
}

@article{naiver1827lois,
  title={Sur les lois du mouvement des fluides},
  author={Naiver, CLM},
  journal={Memoires del Academie Royale des Sciences},
  volume={6},
  pages={389--440},
  year={1827}
}

@book{panton2013incompressible,
  title={Incompressible flow},
  author={Panton, Ronald L},
  year={2013},
  publisher={John Wiley \& Sons}
}
@book{landau2013classical,
  title={The classical theory of fields},
  author={Landau, Lev Davidovich},
  volume={2},
  year={2013},
  publisher={Elsevier}
}
@article{marmanis1998analogy,
  title={Analogy between the Navier--Stokes equations and Maxwell’s equations: application to turbulence},
  author={Marmanis, Haralambos},
  journal={Physics of fluids},
  volume={10},
  number={6},
  pages={1428--1437},
  year={1998},
  publisher={American Institute of Physics}
}
@article{fefferman2000existence,
  title={Existence and smoothness of the Navier-Stokes equation},
  author={Fefferman, Charles L},
  journal={The millennium prize problems},
  volume={57},
  pages={67},
  year={2000}
}
@book{stewart2013great,
  title={The Great Mathematical Problems},
  author={Stewart, Ian},
  year={2013},
  publisher={Profile Books}
}

@misc{goldstein2002classical,
  title={Classical mechanics},
  author={Goldstein, Herbert and Poole, Charles and Safko, John},
  year={2002},
  publisher={American Association of Physics Teachers}
}
@book{lemos2007mecanica,
  title={Mec{\^a}nica anal{\'\i}tica},
  author={Lemos, Nivaldo A},
  year={2007},
  publisher={Editora Livraria da F{\'\i}sica}
}
@article{shannon1948mathematical,
  title={A mathematical theory of communication},
  author={Shannon, Claude Elwood},
  journal={The Bell system technical journal},
  volume={27},
  number={3},
  pages={379--423},
  year={1948},
  publisher={Nokia Bell Labs}
}
@book{landau2013electrodynamics,
  title={Electrodynamics of continuous media},
  author={Landau, Lev Davidovich and Bell, JS and Kearsley, MJ and Pitaevskii, LP and Lifshitz, EM and Sykes, JB},
  volume={8},
  year={2013},
  publisher={elsevier}
}